%! Author = kitajimamitsuhiro
%! Date = 08.02.25

@Article{a1,
    author =   "Peter W. Shor",
    title =   "Polynomial-Time Algorithms for Prime Factorization and Discrete Logarithms on a Quantum Computer",
    journal =   "IEEE Computer Society Press",
    month = "November",
    year =   "1994",
    volume =   "10",
    pages =   "20-22",
}


@Book{b1,
    author =   "Jack D. Hidary",
    title =   "Quantum Computing: An Applied Approach ",
    publisher =   "Springer",
    year =   "2021"
}

